@web{latex:gpio,
title = {RPi.GPIO Project description},
note = {Eingesehen am 13.12.2019},
howpublished = "\url{https://pypi.org/project/RPi.GPIO/}",
key = {gpio},
}

@web{latex:tkinter,
title = {Graphical User Interfaces with Tk},
note = {Eingesehen am 14.12.2019},
howpublished = "\url{https://docs.python.org/3/library/tk.html}",
key = {tkinter},
}

@web{latex:tcpip,
title = {TCP/IP},
note = {Eingesehen am 17.12.2019},
howpublished = "\url{https://www.elektronik-kompendium.de/sites/net/0606251.html}",
key = {tcpip},
}


@web{latex:json,
title = {JSON encoder and decoder},
note = {Eingesehen am 17.12.2019},
howpublished = "\url{https://docs.python.org/3/library/json.html}",
key = {json},
}

@web{latex:pulld,
title = {Was ist ein Pullup- und ein Pulldown-Widerstand?},
note = {Eingesehen am 18.12.2019},
howpublished = "\url{https://www.elektronik-kompendium.de/public/schaerer/pullr.html}",
key = {pulld},
}


@web{latex:json2,
title = {JSON - Introduction},
note = {Eingesehen am 18.12.2019},
howpublished = "\url{https://www.w3schools.com/js/js_json_intro.aspl}",
key = {json2},
}

@book{latex:kofler,
  author = {Michael Kofler},
  title = {Python-Der Grundkurs},
  year = {2019},
  edition = {1. Auflage},
  isbn = {978-3-8362-6679-6},
  publisher={Rheinwerk Computing},
  url={https://kofler.info/buecher/python/}
} 

@web{latex:raspberrypi,
	title = {Technische Daten des Raspberry-Pi},
	note = {Eingesehen am 19.12.2019},
	howpublished = "\url{https://www.elektronikpraxis.vogel.de/raspberry-pi-3-bringt-12-ghz-64-bit-quadcore-wlan-und-bluetooth-fuer-iot-a-523253/index2.html
}",
	key = {raspberrypi},
}

@web{latex:socket,
	title = {socket â€” Low-level networking interface},
	note = {Eingesehen am 02.01.2020},
	howpublished = "\url{https://docs.python.org/3.8/library/socket.html}",
	key = {socket},
}

@web{latex:socket2,
	title = {Send() Function Of Python Socket Class},
	note = {Eingesehen am 02.01.2020},
	howpublished = "\url{https://pythontic.com/modules/socket/send}",
	key = {socket2},
}

@web{latex:anleitung,
	title = {Anleitung zum Joy-Pi},
	note = {Eingesehen am 04.01.2020},
	howpublished = "\url{anleitung.joy-it.net/wp-content/uploads/2018/10/RB-JoyPi-Anleitung.pdf
}",
	key = {anleitung},
}